@article{Guay2024affine,
  title={Affine super Yangians and deformed double current superalgebras},
  author={Guay, N. and Jankovic, P. and Ueda, M.},
  JOURNAL = {arXiv preprint \arxiv{2404.07328}},
  year={2024}
}

@article {Guay2017representationsI,
    AUTHOR = {Guay, N. and Regelskis, V. and Wendlandt, C.},
     TITLE = {Representations of twisted {Y}angians of types {B}, {C}, {D}:
              {I}},
   JOURNAL = {Selecta Math. (N.S.)},
  FJOURNAL = {Selecta Mathematica. New Series},
    VOLUME = {23},
      YEAR = {2017},
    NUMBER = {3},
     PAGES = {2071--2156},
      ISSN = {1022-1824,1420-9020},
   MRCLASS = {81R10 (17B10 17B37)},
  MRNUMBER = {3663603},
MRREVIEWER = {Chengming\ Bai},
       DOI = {10.1007/s00029-017-0306-x},
       URL = {https://doi.org/10.1007/s00029-017-0306-x},
}

@article{bagnoli2023double,
  title={{Double Yangian and reflection algebras of the Lie superalgebra $\mathfrak{gl}_{m|n}$}},
  author={Bagnoli, L. and Ko{\v{z}}i{\'c}, S.},
  journal={Commun. Contemp. Math.},
  year={2024}
}
@article {Guay2016twisted,
    AUTHOR = {Guay, N. and Regelskis, V.},
     TITLE = {Twisted {Y}angians for symmetric pairs of types {B}, {C}, {D}},
   JOURNAL = {Math. Z.},
  FJOURNAL = {Mathematische Zeitschrift},
    VOLUME = {284},
      YEAR = {2016},
    NUMBER = {1-2},
     PAGES = {131--166},
      ISSN = {0025-5874,1432-1823},
   MRCLASS = {17B67 (16T25 81R10)},
  MRNUMBER = {3545488},
MRREVIEWER = {Chengming\ Bai},
       DOI = {10.1007/s00209-016-1649-2},
       URL = {https://doi.org/10.1007/s00209-016-1649-2},
}

@incollection {Olshanski1992twisted,
    AUTHOR = {Olshanski, G.},
     TITLE = {Twisted {Y}angians and infinite-dimensional classical {L}ie
              algebras},
 BOOKTITLE = {Quantum groups ({L}eningrad, 1990)},
    SERIES = {Lecture Notes in Math.},
    VOLUME = {1510},
     PAGES = {104--119},
 PUBLISHER = {Springer, Berlin},
      YEAR = {1992},
      ISBN = {3-540-55305-3},
   MRCLASS = {17B37 (17B65)},
  MRNUMBER = {1183482},
MRREVIEWER = {Janusz\ Grabowski},
       DOI = {10.1007/BFb0101183},
       URL = {https://doi.org/10.1007/BFb0101183},
}

@article {MacKay2002rational,
    AUTHOR = {MacKay, N.},
     TITLE = {Rational {$K$}-matrices and representations of twisted
              {Y}angians},
   JOURNAL = {J. Phys. A},
  FJOURNAL = {Journal of Physics. A. Mathematical and General},
    VOLUME = {35},
      YEAR = {2002},
    NUMBER = {37},
     PAGES = {7865--7876},
      ISSN = {0305-4470,1751-8121},
   MRCLASS = {81R12 (17B37 81R50 81T40)},
  MRNUMBER = {1945798},
MRREVIEWER = {Sonia\ Natale},
       DOI = {10.1088/0305-4470/35/37/302},
       URL = {https://doi.org/10.1088/0305-4470/35/37/302},
}

@article {Molev2003coideal,
    AUTHOR = {Molev, A. and Ragoucy, E. and Sorba, P.},
     TITLE = {Coideal subalgebras in quantum affine algebras},
   JOURNAL = {Rev. Math. Phys.},
  FJOURNAL = {Reviews in Mathematical Physics. A Journal for Both Review and
              Original Research Papers in the Field of Mathematical Physics},
    VOLUME = {15},
      YEAR = {2003},
    NUMBER = {8},
     PAGES = {789--822},
      ISSN = {0129-055X,1793-6659},
   MRCLASS = {17B37 (81R50)},
  MRNUMBER = {2027560},
MRREVIEWER = {Yangkon\ Kim},
       DOI = {10.1142/S0129055X03001813},
       URL = {https://doi.org/10.1142/S0129055X03001813},
}

@article{wang2021quantum,
  title={Quantum symmetric pairs},
  author={Wang, W.},
  journal={arXiv preprint \arxiv{2112.10911}},
  year={2021}
}

@article {Nazarov1996Bethe,
    AUTHOR = {Nazarov, M. and Olshanski, G.},
     TITLE = {Bethe subalgebras in twisted {Y}angians},
   JOURNAL = {Comm. Math. Phys.},
  FJOURNAL = {Communications in Mathematical Physics},
    VOLUME = {178},
      YEAR = {1996},
    NUMBER = {2},
     PAGES = {483--506},
      ISSN = {0010-3616,1432-0916},
   MRCLASS = {17B35 (82B23)},
  MRNUMBER = {1389915},
       URL = {http://projecteuclid.org/euclid.cmp/1104286662},
}

@article {Sklyanin1988Boundary,
    AUTHOR = {Sklyanin, E.},
     TITLE = {Boundary conditions for integrable quantum systems},
   JOURNAL = {J. Phys. A},
  FJOURNAL = {Journal of Physics. A. Mathematical and General},
    VOLUME = {21},
      YEAR = {1988},
    NUMBER = {10},
     PAGES = {2375--2389},
      ISSN = {0305-4470,1751-8121},
   MRCLASS = {81F99 (58F07 81E25 82A68 82A69)},
  MRNUMBER = {953215},
MRREVIEWER = {M.\ Lawrence\ Glasser},
       URL = {http://stacks.iop.org/0305-4470/21/2375},
}

@article {Cherednik1984Factorizing,
    AUTHOR = {Cherednik, I.},
     TITLE = {{Factorizing particles on a half line, and root systems}},
   JOURNAL = {Teoret. Mat. Fiz.},
  FJOURNAL = {Akademiya Nauk SSSR. Teoreticheskaya i Matematicheskaya
              Fizika},
    VOLUME = {61},
      YEAR = {1984},
    NUMBER = {1},
     PAGES = {35--44},
      ISSN = {0564-6162},
   MRCLASS = {81F15 (58F07 82A67)},
  MRNUMBER = {774205},
MRREVIEWER = {V.\ Z.\ Enol\cprime ski\u{\i}},
}

@article {Arakawa1999,
    AUTHOR = {Arakawa, T.},
     TITLE = {Drinfeld functor and finite-dimensional representations of
              {Y}angian},
   JOURNAL = {Comm. Math. Phys.},
  FJOURNAL = {Communications in Mathematical Physics},
    VOLUME = {205},
      YEAR = {1999},
    NUMBER = {1},
     PAGES = {1--18},
      ISSN = {0010-3616,1432-0916},
   MRCLASS = {17B10 (17B35 20C08)},
  MRNUMBER = {1706920},
MRREVIEWER = {Jie\ Du},
       DOI = {10.1007/s002200050664},
       URL = {https://doi.org/10.1007/s002200050664},
}

@article {Arnaudon2004general,
    AUTHOR = {Arnaudon, D. and Avan, J. and Cramp\'{e}, N. and Doikou, A.
              and Frappat, L. and Ragoucy, E.},
     TITLE = {General boundary conditions for the {${\rm sl}(\scr N)$} and
              {${\rm sl}(\scr M|\scr N)$} open spin chains},
   JOURNAL = {J. Stat. Mech. Theory Exp.},
  FJOURNAL = {Journal of Statistical Mechanics: Theory and Experiment},
      YEAR = {2004},
    NUMBER = {8},
     PAGES = {005, 36},
      ISSN = {1742-5468},
   MRCLASS = {82B23 (82B20)},
  MRNUMBER = {2115253},
MRREVIEWER = {Bruno\ Nachtergaele},
}

@article {Ariki1995schur,
    AUTHOR = {Ariki, S. and Terasoma, T. and Yamada, H.},
     TITLE = {Schur-{W}eyl reciprocity for the {H}ecke algebra of {$({\bf
              Z}/r{\bf Z})\wr S_n$}},
   JOURNAL = {J. Algebra},
  FJOURNAL = {Journal of Algebra},
    VOLUME = {178},
      YEAR = {1995},
    NUMBER = {2},
     PAGES = {374--390},
      ISSN = {0021-8693,1090-266X},
   MRCLASS = {20C15 (17B37)},
  MRNUMBER = {1359891},
MRREVIEWER = {Robert\ B\'{e}dard},
       DOI = {10.1006/jabr.1995.1354},
       URL = {https://doi.org/10.1006/jabr.1995.1354},
}

@article {Belliard2009nested,
    AUTHOR = {Belliard, S. and Ragoucy, E.},
     TITLE = {The nested {B}ethe ansatz for `all' open spin chains with
              diagonal boundary conditions},
   JOURNAL = {J. Phys. A},
  FJOURNAL = {Journal of Physics. A. Mathematical and Theoretical},
    VOLUME = {42},
      YEAR = {2009},
    NUMBER = {20},
     PAGES = {205203, 35},
      ISSN = {1751-8113,1751-8121},
   MRCLASS = {82B23 (17B81 81R50)},
  MRNUMBER = {2515596},
MRREVIEWER = {Yuri\ Kozitsky},
       DOI = {10.1088/1751-8113/42/20/205203},
       URL = {https://doi.org/10.1088/1751-8113/42/20/205203},
}

@article {Berele1987hook,
    AUTHOR = {Berele, A. and Regev, A.},
     TITLE = {Hook {Y}oung diagrams with applications to combinatorics and
              to representations of {L}ie superalgebras},
   JOURNAL = {Adv. Math.},
  FJOURNAL = {Advances in Mathematics},
    VOLUME = {64},
      YEAR = {1987},
    NUMBER = {2},
     PAGES = {118--175},
      ISSN = {0001-8708},
   MRCLASS = {20C05 (05A17 17B70 20C35)},
  MRNUMBER = {884183},
MRREVIEWER = {G.\ D.\ James},
       DOI = {10.1016/0001-8708(87)90007-7},
       URL = {https://doi.org/10.1016/0001-8708(87)90007-7},
}

@article {Brundan2005parabolic,
    AUTHOR = {Brundan, J. and Kleshchev, A.},
     TITLE = {Parabolic presentations of the {Y}angian {$Y({\germ{gl}}_n)$}},
   JOURNAL = {Comm. Math. Phys.},
  FJOURNAL = {Communications in Mathematical Physics},
    VOLUME = {254},
      YEAR = {2005},
    NUMBER = {1},
     PAGES = {191--220},
      ISSN = {0010-3616,1432-0916},
   MRCLASS = {17B37},
  MRNUMBER = {2116743},
MRREVIEWER = {Sonia\ Natale},
       DOI = {10.1007/s00220-004-1249-6},
       URL = {https://doi.org/10.1007/s00220-004-1249-6},
}

@article {Briot2003twisted,
    AUTHOR = {Briot, C. and Ragoucy, E.},
     TITLE = {Twisted super-{Y}angians and their representations},
   JOURNAL = {J. Math. Phys.},
  FJOURNAL = {Journal of Mathematical Physics},
    VOLUME = {44},
      YEAR = {2003},
    NUMBER = {3},
     PAGES = {1252--1275},
      ISSN = {0022-2488,1089-7658},
   MRCLASS = {17B37 (17B10)},
  MRNUMBER = {1958267},
MRREVIEWER = {Fang\ Li},
       DOI = {10.1063/1.1542662},
       URL = {https://doi.org/10.1063/1.1542662},
}

@article {Chen2014twisted,
    AUTHOR = {Chen, H. and Guay, N. and Ma, X.},
     TITLE = {Twisted {Y}angians, twisted quantum loop algebras and affine
              {H}ecke algebras of type {$BC$}},
   JOURNAL = {Trans. Amer. Math. Soc.},
  FJOURNAL = {Transactions of the American Mathematical Society},
    VOLUME = {366},
      YEAR = {2014},
    NUMBER = {5},
     PAGES = {2517--2574},
      ISSN = {0002-9947,1088-6850},
   MRCLASS = {17B37 (20C08)},
  MRNUMBER = {3165646},
MRREVIEWER = {Guiyu\ Yang},
       DOI = {10.1090/S0002-9947-2014-05994-1},
       URL = {https://doi.org/10.1090/S0002-9947-2014-05994-1},
}

@book {Cheng2009dualities,
    AUTHOR = {Cheng, S.-J. and Wang, W.},
     TITLE = {Dualities and representations of {L}ie superalgebras},
    SERIES = {Graduate Studies in Mathematics},
    VOLUME = {144},
 PUBLISHER = {American Mathematical Society, Providence, RI},
      YEAR = {2012},
     PAGES = {xviii+302},
      ISBN = {978-0-8218-9118-6},
   MRCLASS = {17B10},
  MRNUMBER = {3012224},
MRREVIEWER = {Aleksandr\ Nikolaevich\ Sergeev},
       DOI = {10.1090/gsm/144},
       URL = {https://doi.org/10.1090/gsm/144},
}

@article {Drinfeld198degenerate,
    AUTHOR = {Drinfeld, V.},
     TITLE = {Degenerate affine {H}ecke algebras and {Y}angians},
   JOURNAL = {Funktsional. Anal. i Prilozhen.},
  FJOURNAL = {Akademiya Nauk SSSR. Funktsional\cprime ny\u{\i} Analiz i ego
              Prilozheniya},
    VOLUME = {20},
      YEAR = {1986},
    NUMBER = {1},
     PAGES = {69--70},
      ISSN = {0374-1990},
   MRCLASS = {22E50 (17B10 58F07 81C40 82A15)},
  MRNUMBER = {831053},
MRREVIEWER = {L.\ A.\ Takhtajan (Takhtadzhyan)},
}

@article {Etingof2009,
    AUTHOR = {Etingof, P. and Freund, R. and Ma, X.},
     TITLE = {A {L}ie-theoretic construction of some representations of the
              degenerate affine and double affine {H}ecke algebras of type
              {$BC_n$}},
   JOURNAL = {Represent. Theory},
  FJOURNAL = {Representation Theory. An Electronic Journal of the American
              Mathematical Society},
    VOLUME = {13},
      YEAR = {2009},
     PAGES = {33--49},
      ISSN = {1088-4165},
   MRCLASS = {20C08 (17B10 20G05)},
  MRNUMBER = {2480387},
MRREVIEWER = {Cathy\ E.\ Kriloff},
       DOI = {10.1090/S1088-4165-09-00345-8},
       URL = {https://doi.org/10.1090/S1088-4165-09-00345-8},
}

@article {Flicker2020affine,
    AUTHOR = {Flicker, Y.},
     TITLE = {Affine quantum super {S}chur-{W}eyl duality},
   JOURNAL = {Algebr. Represent. Theory},
  FJOURNAL = {Algebras and Representation Theory},
    VOLUME = {23},
      YEAR = {2020},
    NUMBER = {1},
     PAGES = {135--167},
      ISSN = {1386-923X,1572-9079},
   MRCLASS = {17B37},
  MRNUMBER = {4058428},
       DOI = {10.1007/s10468-018-9841-1},
       URL = {https://doi.org/10.1007/s10468-018-9841-1},
}

@article {Gow2007gauss,
    AUTHOR = {Gow, L.},
     TITLE = {Gauss decomposition of the {Y}angian {$Y({\germ{gl}}_{m|n})$}},
   JOURNAL = {Comm. Math. Phys.},
  FJOURNAL = {Communications in Mathematical Physics},
    VOLUME = {276},
      YEAR = {2007},
    NUMBER = {3},
     PAGES = {799--825},
      ISSN = {0010-3616,1432-0916},
   MRCLASS = {17B37 (81R50)},
  MRNUMBER = {2350438},
MRREVIEWER = {Jonathan\ Brundan},
       DOI = {10.1007/s00220-007-0349-5},
       URL = {https://doi.org/10.1007/s00220-007-0349-5},
}

@article{kettle2023orthosymplectic,
  title={{Orthosymplectic, Periplectic, and Twisted Super Yangians}},
  author={Kettle, B.},
  JOURNAL = {{Ph.D thesis, University of Alberta}},
  year={2023}
}

@book {Kerber1971reps,
    AUTHOR = {Kerber, A.},
     TITLE = {Representations of permutation groups. {I}},
    SERIES = {Lecture Notes in Mathematics},
    VOLUME = {Vol. 240},
 PUBLISHER = {Springer-Verlag, Berlin-New York},
      YEAR = {1971},
     PAGES = {v+192},
   MRCLASS = {20C30},
  MRNUMBER = {325752},
MRREVIEWER = {J.\ S.\ Frame},
}

@article {Kwon2022super,
    AUTHOR = {Kwon, J.-H. and Lee, S.-M.},
     TITLE = {Super duality for quantum affine algebras of type {$A$}},
   JOURNAL = {Int. Math. Res. Not. IMRN},
  FJOURNAL = {International Mathematics Research Notices. IMRN},
      YEAR = {2022},
    NUMBER = {23},
     PAGES = {18446--18525},
      ISSN = {1073-7928,1687-0247},
   MRCLASS = {17B37 (17B10)},
  MRNUMBER = {4519149},
MRREVIEWER = {Hideya\ Watanabe},
       DOI = {10.1093/imrn/rnab230},
       URL = {https://doi.org/10.1093/imrn/rnab230},
}

@article {Lu2021gelfand,
    AUTHOR = {Lu, K.},
     TITLE = {Gelfand-{T}setlin bases of representations for super {Y}angian
              and quantum affine superalgebra},
   JOURNAL = {Lett. Math. Phys.},
  FJOURNAL = {Letters in Mathematical Physics},
    VOLUME = {111},
      YEAR = {2021},
    NUMBER = {6},
     PAGES = {Paper No. 145, 30},
      ISSN = {0377-9017,1573-0530},
   MRCLASS = {17B37 (81R10)},
  MRNUMBER = {4346502},
MRREVIEWER = {Slaven\ Ko\v{z}i\'{c}},
       DOI = {10.1007/s11005-021-01488-w},
       URL = {https://doi.org/10.1007/s11005-021-01488-w},
}

@article {Lu2022note,
    AUTHOR = {Lu, K.},
     TITLE = {A note on odd reflections of super {Y}angian and {B}ethe
              ansatz},
   JOURNAL = {Lett. Math. Phys.},
  FJOURNAL = {Letters in Mathematical Physics},
    VOLUME = {112},
      YEAR = {2022},
    NUMBER = {2},
     PAGES = {Paper No. 29, 26},
      ISSN = {0377-9017,1573-0530},
   MRCLASS = {17B37 (82B23)},
  MRNUMBER = {4400677},
MRREVIEWER = {Yung-Ning\ Peng},
       DOI = {10.1007/s11005-022-01524-3},
       URL = {https://doi.org/10.1007/s11005-022-01524-3},
}

@article {Lu2023schur,
    AUTHOR = {Lu, K.},
     TITLE = {{Schur-{W}eyl duality for quantum toroidal superalgebras}},
   JOURNAL = {J. Pure Appl. Algebra},
  FJOURNAL = {Journal of Pure and Applied Algebra},
    VOLUME = {227},
      YEAR = {2023},
    NUMBER = {9},
     PAGES = {Paper No. 107382, 19},
      ISSN = {0022-4049,1873-1376},
   MRCLASS = {17B37 (16T20 20C08 20G42)},
  MRNUMBER = {4569699},
       DOI = {10.1016/j.jpaa.2023.107382},
       URL = {https://doi.org/10.1016/j.jpaa.2023.107382},
}

@article {Lusztig1989affine,
    AUTHOR = {Lusztig, G.},
     TITLE = {Affine {H}ecke algebras and their graded version},
   JOURNAL = {J. Amer. Math. Soc.},
  FJOURNAL = {Journal of the American Mathematical Society},
    VOLUME = {2},
      YEAR = {1989},
    NUMBER = {3},
     PAGES = {599--635},
      ISSN = {0894-0347,1088-6834},
   MRCLASS = {16A64 (20H15 22E50)},
  MRNUMBER = {991016},
MRREVIEWER = {Fran\c{c}ois\ Digne},
       DOI = {10.2307/1990945},
       URL = {https://doi.org/10.2307/1990945},
}

@article {Lu2021jacobi,
    AUTHOR = {Lu, K. and Mukhin, E.},
     TITLE = {Jacobi-{T}rudi identity and {D}rinfeld functor for super
              {Y}angian},
   JOURNAL = {Int. Math. Res. Not. IMRN},
  FJOURNAL = {International Mathematics Research Notices. IMRN},
      YEAR = {2021},
    NUMBER = {21},
     PAGES = {16751--16810},
      ISSN = {1073-7928,1687-0247},
   MRCLASS = {17B10 (16T25 81R12 82B23)},
  MRNUMBER = {4338233},
MRREVIEWER = {Weiqiang\ Wang},
       DOI = {10.1093/imrn/rnab023},
       URL = {https://doi.org/10.1093/imrn/rnab023},
}

@article {Liashyk2019new,
    AUTHOR = {Liashyk, A. and Pakuliak, S. Z. and Ragoucy, E. and Slavnov,
              N. A.},
     TITLE = {New symmetries of {$\germ{gl}(N)$}-invariant {B}ethe vectors},
   JOURNAL = {J. Stat. Mech. Theory Exp.},
  FJOURNAL = {Journal of Statistical Mechanics: Theory and Experiment},
      YEAR = {2019},
    NUMBER = {4},
     PAGES = {044001, 24},
      ISSN = {1742-5468},
   MRCLASS = {81R12 (82B23)},
  MRNUMBER = {4057221},
       DOI = {10.1088/1742-5468/ab02f0},
       URL = {https://doi.org/10.1088/1742-5468/ab02f0},
}

@article {Mitsuhashi2006schur,
    AUTHOR = {Mitsuhashi, H.},
     TITLE = {Schur-{W}eyl reciprocity between the quantum superalgebra and
              the {I}wahori-{H}ecke algebra},
   JOURNAL = {Algebr. Represent. Theory},
  FJOURNAL = {Algebras and Representation Theory},
    VOLUME = {9},
      YEAR = {2006},
    NUMBER = {3},
     PAGES = {309--322},
      ISSN = {1386-923X,1572-9079},
   MRCLASS = {17B37 (20C08)},
  MRNUMBER = {2251378},
       DOI = {10.1007/s10468-006-9014-5},
       URL = {https://doi.org/10.1007/s10468-006-9014-5},
}

@article {Moon2003highest,
    AUTHOR = {Moon, D.},
     TITLE = {Highest weight vectors of irreducible representations of the
              quantum superalgebra {$\germ U_q({\rm gl}(m,n))$}},
   JOURNAL = {J. Korean Math. Soc.},
  FJOURNAL = {Journal of the Korean Mathematical Society},
    VOLUME = {40},
      YEAR = {2003},
    NUMBER = {1},
     PAGES = {1--28},
      ISSN = {0304-9914,2234-3008},
   MRCLASS = {17B37 (20C08)},
  MRNUMBER = {1945710},
MRREVIEWER = {Salih\ \c{C}elik},
       DOI = {10.4134/JKMS.2003.40.1.001},
       URL = {https://doi.org/10.4134/JKMS.2003.40.1.001},
}

@article {Molev1998finite,
    AUTHOR = {Molev, A.},
     TITLE = {Finite-dimensional irreducible representations of twisted
              {Y}angians},
   JOURNAL = {J. Math. Phys.},
  FJOURNAL = {Journal of Mathematical Physics},
    VOLUME = {39},
      YEAR = {1998},
    NUMBER = {10},
     PAGES = {5559--5600},
      ISSN = {0022-2488,1089-7658},
   MRCLASS = {81R50 (17B37)},
  MRNUMBER = {1642338},
MRREVIEWER = {Tomasz\ Brzezi\'{n}ski},
       DOI = {10.1063/1.532551},
       URL = {https://doi.org/10.1063/1.532551},
}

@book {Molev2007book,
    AUTHOR = {Molev, A.},
     TITLE = {Yangians and classical {L}ie algebras},
    SERIES = {Mathematical Surveys and Monographs},
    VOLUME = {143},
 PUBLISHER = {American Mathematical Society, Providence, RI},
      YEAR = {2007},
     PAGES = {xviii+400},
      ISBN = {978-0-8218-4374-1},
   MRCLASS = {17B37 (16W35 82B23)},
  MRNUMBER = {2355506},
MRREVIEWER = {Ian\ M.\ Musson},
       DOI = {10.1090/surv/143},
       URL = {https://doi.org/10.1090/surv/143},
}

@article {Molev2022odd,
    AUTHOR = {Molev, A.},
     TITLE = {Odd reflections in the {Y}angian associated with
              {$\germ{gl}(m|n)$}},
   JOURNAL = {Lett. Math. Phys.},
  FJOURNAL = {Letters in Mathematical Physics},
    VOLUME = {112},
      YEAR = {2022},
    NUMBER = {1},
     PAGES = {Paper No. 8, 15},
      ISSN = {0377-9017,1573-0530},
   MRCLASS = {17B37},
  MRNUMBER = {4367922},
MRREVIEWER = {Yung-Ning\ Peng},
       DOI = {10.1007/s11005-021-01501-2},
       URL = {https://doi.org/10.1007/s11005-021-01501-2},
}

@article {Molev2002reflection,
    AUTHOR = {Molev, A. and Ragoucy, E.},
     TITLE = {Representations of reflection algebras},
   JOURNAL = {Rev. Math. Phys.},
  FJOURNAL = {Reviews in Mathematical Physics. A Journal for Both Review and
              Original Research Papers in the Field of Mathematical Physics},
    VOLUME = {14},
      YEAR = {2002},
    NUMBER = {3},
     PAGES = {317--342},
      ISSN = {0129-055X,1793-6659},
   MRCLASS = {16S99 (17B37 82B23)},
  MRNUMBER = {1894013},
MRREVIEWER = {Alexei\ P.\ Isaev},
       DOI = {10.1142/S0129055X02001156},
       URL = {https://doi.org/10.1142/S0129055X02001156},
}

@article {Nazarov1991berezinian,
    AUTHOR = {Nazarov, M.},
     TITLE = {Quantum {B}erezinian and the classical {C}apelli identity},
   JOURNAL = {Lett. Math. Phys.},
  FJOURNAL = {Letters in Mathematical Physics},
    VOLUME = {21},
      YEAR = {1991},
    NUMBER = {2},
     PAGES = {123--131},
      ISSN = {0377-9017,1573-0530},
   MRCLASS = {17B37 (16W55 17A70 81R50)},
  MRNUMBER = {1093523},
MRREVIEWER = {Tuan\ W.\ Chen},
       DOI = {10.1007/BF00401646},
       URL = {https://doi.org/10.1007/BF00401646},
}

@article {Nazarov1999queer,
    AUTHOR = {Nazarov, M.},
     TITLE = {Yangian of the queer {L}ie superalgebra},
   JOURNAL = {Comm. Math. Phys.},
  FJOURNAL = {Communications in Mathematical Physics},
    VOLUME = {208},
      YEAR = {1999},
    NUMBER = {1},
     PAGES = {195--223},
      ISSN = {0010-3616,1432-0916},
   MRCLASS = {17B37 (81R50)},
  MRNUMBER = {1729884},
       DOI = {10.1007/s002200050754},
       URL = {https://doi.org/10.1007/s002200050754},
}

@article {Nazarov2020yangian,
    AUTHOR = {Nazarov, M.},
     TITLE = {Yangian of the general linear {L}ie superalgebra},
   JOURNAL = {SIGMA Symmetry Integrability Geom. Methods Appl.},
  FJOURNAL = {SIGMA. Symmetry, Integrability and Geometry. Methods and
              Applications},
    VOLUME = {16},
      YEAR = {2020},
     PAGES = {Paper No. 112, 24 pages},
      ISSN = {1815-0659},
   MRCLASS = {17B37 (16T20 81R50)},
  MRNUMBER = {4170710},
MRREVIEWER = {Xin\ Tang},
       DOI = {10.3842/SIGMA.2020.112},
       URL = {https://doi.org/10.3842/SIGMA.2020.112},
}

@article {Peng2016parabolic,
    AUTHOR = {Peng, Y.-N.},
     TITLE = {Parabolic presentations of the super {Y}angian
              {$Y(\germ{gl}_{M|N})$} associated with arbitrary 01-sequences},
   JOURNAL = {Comm. Math. Phys.},
  FJOURNAL = {Communications in Mathematical Physics},
    VOLUME = {346},
      YEAR = {2016},
    NUMBER = {1},
     PAGES = {313--347},
      ISSN = {0010-3616,1432-0916},
   MRCLASS = {17B67},
  MRNUMBER = {3528423},
       DOI = {10.1007/s00220-015-2548-9},
       URL = {https://doi.org/10.1007/s00220-015-2548-9},
}

@article {Ragoucy2007analytical,
    AUTHOR = {Ragoucy, E. and Satta, G.},
     TITLE = {Analytical {B}ethe ansatz for closed and open {${\rm gl}(\scr
              M|\scr N)$} super-spin chains in arbitrary representations and
              for any {D}ynkin diagram},
   JOURNAL = {J. High Energy Phys.},
  FJOURNAL = {Journal of High Energy Physics. A SISSA Journal},
      YEAR = {2007},
    NUMBER = {9},
     PAGES = {001, 40},
      ISSN = {1126-6708,1029-8479},
   MRCLASS = {82B23 (81R12 82B20)},
  MRNUMBER = {2342430},
MRREVIEWER = {Chengming\ Bai},
       DOI = {10.1088/1126-6708/2007/09/001},
       URL = {https://doi.org/10.1088/1126-6708/2007/09/001},
}

@article {Sergeev1984tensor,
    AUTHOR = {Sergeev, A. },
     TITLE = {Tensor algebra of the identity representation as a module over
              the {L}ie superalgebras {${\rm GL}(n,\,m)$} and {$Q(n)$}},
   JOURNAL = {Mat. Sb. (N.S.)},
  FJOURNAL = {Matematicheski\u{\i} Sbornik. Novaya Seriya},
    VOLUME = {123(165)},
      YEAR = {1984},
    NUMBER = {3},
     PAGES = {422--430},
      ISSN = {0368-8666},
   MRCLASS = {17B70 (81G20)},
  MRNUMBER = {735715},
MRREVIEWER = {Ji\v{r}\'{\i}\ Niederle},
}

@article {Shen2025quantum,
    AUTHOR = {Shen, Y.},
     TITLE = {{Quantum supersymmetric pairs and $\imath$Schur duality of type AIII}},
   JOURNAL = {J. Algebra},
    VOLUME = {661},
      YEAR = {2025},
     PAGES = {853--903}
}

@article {Zhang1995reps,
    AUTHOR = {Zhang, R. B.},
     TITLE = {Representations of super {Y}angian},
   JOURNAL = {J. Math. Phys.},
  FJOURNAL = {Journal of Mathematical Physics},
    VOLUME = {36},
      YEAR = {1995},
    NUMBER = {7},
     PAGES = {3854--3865},
      ISSN = {0022-2488,1089-7658},
   MRCLASS = {81R10 (17B70)},
  MRNUMBER = {1339907},
MRREVIEWER = {Peter\ Pre\v{s}najder},
       DOI = {10.1063/1.530932},
       URL = {https://doi.org/10.1063/1.530932},
}

@article {Zhang1996super,
    AUTHOR = {Zhang, R. B.},
     TITLE = {The {${\rm gl}(M|N)$} super {Y}angian and its
              finite-dimensional representations},
   JOURNAL = {Lett. Math. Phys.},
  FJOURNAL = {Letters in Mathematical Physics},
    VOLUME = {37},
      YEAR = {1996},
    NUMBER = {4},
     PAGES = {419--434},
      ISSN = {0377-9017,1573-0530},
   MRCLASS = {17B10 (81R50)},
  MRNUMBER = {1401045},
MRREVIEWER = {Hedi\ Benamor},
       DOI = {10.1007/BF00312673},
       URL = {https://doi.org/10.1007/BF00312673},
}

@article {Lu2024twisted,
    AUTHOR = {Lu, K.},
     TITLE = {{Twisted super Yangians of quasi-split type A}},
   JOURNAL = {in preparation},
      YEAR = {2024},
}

@article {Lu2023drinfeld,
    AUTHOR = {Lu, K. and Wang, W. and Zhang, W.},
     TITLE = {{A Drinfeld type Presentation of twisted Yangians}},
   JOURNAL = {arXiv preprint \arxiv{2308.12254}},
      YEAR = {2023},
}

@article {Lu2024affine,
    AUTHOR = {Lu, K. and Wang, W. and Zhang, W.},
     TITLE = {{Affine $\imath$quantum groups and twisted Yangians in Drinfeld presentations}},
   JOURNAL = {arXiv preprint \arxiv{2406.05067}},
      YEAR = {2024},
}

@article {Lu2024drinfeld,
    AUTHOR = {Lu, K. and Zhang, W.},
     TITLE = {{A Drinfeld type Presentation of twisted Yangians of quasi-split type}},
   JOURNAL = {arXiv preprint \arxiv{2408.06981}},
      YEAR = {2024},
}
